<?xml version="1.0" encoding="UTF-8"?><collection xmlns="http://www.loc.gov/MARC21/slim"><record><leader>00370nam--2200133-i-4500</leader><controlfield tag="001">000024584</controlfield><controlfield tag="002">20161230</controlfield><controlfield tag="005">20161230201035</controlfield><controlfield tag="008">060222s1000------------r-----000-0-eng-d</controlfield><datafield ind1=" " ind2=" " tag="080"><subfield code="a">541.128(043)</subfield></datafield><datafield ind1=" " ind2=" " tag="100"><subfield code="a">Indrea, Emil</subfield></datafield><datafield ind1=" " ind2=" " tag="245"><subfield code="a">Studiul structural al catalizatorilor metalici suportati. teza</subfield></datafield><datafield ind1=" " ind2=" " tag="260"><subfield code="a">Bucuresti, Inst.Central De Fizica, 1987. 186p</subfield></datafield><datafield ind1=" " ind2=" " tag="852"><subfield code="a">74141</subfield></datafield></record></collection>